<marc:record xmlns:marc="http://www.loc.gov/MARC21/slim" xmlns:xsi="http://www.w3.org/2001/XMLSchema-instance" xsi:schemaLocation="http://www.loc.gov/MARC21/slim http://www.loc.gov/standards/marcxml/schema/MARC21slim.xsd">
  <marc:leader>     cam a2200277 a 4500</marc:leader>
  <marc:controlfield tag="001">001683548</marc:controlfield>
  <marc:controlfield tag="003">NNU</marc:controlfield>
  <marc:controlfield tag="005">20061010173207.0</marc:controlfield>
  <marc:controlfield tag="008">990929s1948    ua       b    000 0 ara d</marc:controlfield>
  <marc:datafield tag="035" ind1="9" ind2=" ">
    <marc:subfield code="a">NYUb12226971</marc:subfield>
  </marc:datafield>
  <marc:datafield tag="035" ind1=" " ind2=" ">
    <marc:subfield code="a">(NNU)NYUb12226971</marc:subfield>
  </marc:datafield>
  <marc:datafield tag="040" ind1=" " ind2=" ">
    <marc:subfield code="a">EYM</marc:subfield>
    <marc:subfield code="c">EYM</marc:subfield>
    <marc:subfield code="d">UaCaAUL</marc:subfield>
  </marc:datafield>
  <marc:datafield tag="050" ind1=" " ind2="4">
    <marc:subfield code="a">PJ 6696</marc:subfield>
    <marc:subfield code="b">.Z8 M68 1948</marc:subfield>
  </marc:datafield>
  <marc:datafield tag="066" ind1=" " ind2=" ">
    <marc:subfield code="c">(3</marc:subfield>
  </marc:datafield>
  <marc:datafield tag="090" ind1=" " ind2=" ">
    <marc:subfield code="a">BP133</marc:subfield>
    <marc:subfield code="b">.A3 1948</marc:subfield>
  </marc:datafield>
  <marc:datafield tag="100" ind1="1" ind2=" ">
    <marc:subfield code="6">01</marc:subfield>
    <marc:subfield code="a">Miṣrī, ʻAbd al-Raʼūf.</marc:subfield>
  </marc:datafield>
  <marc:datafield tag="100" ind1="1" ind2=" ">
    <marc:subfield code="6">01</marc:subfield>
    <marc:subfield code="a">مصري، عبد الرؤوف.</marc:subfield>
  </marc:datafield>
  <marc:datafield tag="245" ind1="1" ind2="0">
    <marc:subfield code="6">02</marc:subfield>
    <marc:subfield code="a">Muʻjam al-Qurʼān :</marc:subfield>
    <marc:subfield code="b">wa-huwa qāmūs mufradāt al-qurʼān wa-gharībih /</marc:subfield>
    <marc:subfield code="c">allafahu wa-ʻallaqa ʻalayh ʻAbd al-Raʼūf al-Miṣī "Abū Rizq"</marc:subfield>
  </marc:datafield>
  <marc:datafield tag="245" ind1="1" ind2="0">
    <marc:subfield code="6">02</marc:subfield>
    <marc:subfield code="a">معجم القرآن :</marc:subfield>
    <marc:subfield code="b">وهو قاموس مفردات القرآن وغريبه /</marc:subfield>
    <marc:subfield code="c">الفه وعلق عليه عبد الرؤوف المصري "أبو رزق"</marc:subfield>
  </marc:datafield>
  <marc:datafield tag="250" ind1=" " ind2=" ">
    <marc:subfield code="6">03</marc:subfield>
    <marc:subfield code="a">al-Ṭabʻah 2.</marc:subfield>
  </marc:datafield>
  <marc:datafield tag="250" ind1=" " ind2=" ">
    <marc:subfield code="6">03</marc:subfield>
    <marc:subfield code="a">الطبعة 2.</marc:subfield>
  </marc:datafield>
  <marc:datafield tag="260" ind1=" " ind2=" ">
    <marc:subfield code="6">04</marc:subfield>
    <marc:subfield code="a">al-Qāhirah :</marc:subfield>
    <marc:subfield code="b">Maṭbaʻat Ḥijāzī,</marc:subfield>
    <marc:subfield code="c">1948-</marc:subfield>
  </marc:datafield>
  <marc:datafield tag="260" ind1=" " ind2=" ">
    <marc:subfield code="6">04</marc:subfield>
    <marc:subfield code="a">القاهرة :</marc:subfield>
    <marc:subfield code="b">مطبعة حجازي،</marc:subfield>
    <marc:subfield code="c">1948-</marc:subfield>
  </marc:datafield>
  <marc:datafield tag="300" ind1=" " ind2=" ">
    <marc:subfield code="a">2 v. ;</marc:subfield>
    <marc:subfield code="c">25 cm.</marc:subfield>
  </marc:datafield>
  <marc:datafield tag="504" ind1=" " ind2=" ">
    <marc:subfield code="a">Includes bibliographical refrences.</marc:subfield>
  </marc:datafield>
  <marc:datafield tag="630" ind1="0" ind2="0">
    <marc:subfield code="a">Koran</marc:subfield>
    <marc:subfield code="v">Dictionaries.</marc:subfield>
  </marc:datafield>
  <marc:datafield tag="998" ind1=" " ind2=" ">
    <marc:subfield code="a">20010429</marc:subfield>
    <marc:subfield code="d">20010429</marc:subfield>
    <marc:subfield code="d">20041023</marc:subfield>
    <marc:subfield code="n">NNU</marc:subfield>
    <marc:subfield code="s">6</marc:subfield>
    <marc:subfield code="t">c</marc:subfield>
    <marc:subfield code="z">p</marc:subfield>
  </marc:datafield>
</marc:record>
